% Encoding: UTF-8

@Article{benson2016higher,
  author    = {Benson, Austin R and Gleich, David F and Leskovec, Jure},
  title     = {Higher-order organization of complex networks},
  journal   = {Science},
  year      = {2016},
  volume    = {353},
  number    = {6295},
  pages     = {163--166},
  publisher = {American Association for the Advancement of Science},
}

@Article{von2007tutorial,
  author    = {Von Luxburg, Ulrike},
  title     = {A tutorial on spectral clustering},
  journal   = {Statistics and Computing},
  year      = {2007},
  volume    = {17},
  number    = {4},
  pages     = {395--416},
  publisher = {Springer},
}

@Article{Ma2017,
  author  = {Ma, Chuang and Xiang, Bing-Bing and Zhang, Hai-Feng and Chen, Han-Shuang and Small, Michael},
  title   = {Detection of core-periphery structure in networks by 3-tuple motifs},
  journal = {arXiv preprint arXiv:1705.04062},
  year    = {2017},
}

@InProceedings{dhillon2001co,
  author       = {Dhillon, Inderjit S},
  title        = {Co-clustering documents and words using bipartite spectral graph partitioning},
  booktitle    = {Proceedings of the Seventh ACM SIGKDD International Conference on Knowledge Discovery and Data Mining},
  year         = {2001},
  pages        = {269--274},
  organization = {ACM},
}

@InProceedings{florescu2016spectral,
  author    = {Florescu, Laura and Perkins, Will},
  title     = {Spectral thresholds in the bipartite stochastic block model},
  booktitle = {Conference on Learning Theory},
  year      = {2016},
  pages     = {943--959},
}

@Article{rand1971objective,
  author    = {Rand, William M},
  title     = {Objective criteria for the evaluation of clustering methods},
  journal   = {Journal of the American Statistical Association},
  year      = {1971},
  volume    = {66},
  number    = {336},
  pages     = {846--850},
  publisher = {Taylor \& Francis Group},
}

@InProceedings{arthur2007k,
  author       = {Arthur, David and Vassilvitskii, Sergei},
  title        = {$k$-means++: The advantages of careful seeding},
  booktitle    = {Proceedings of the Eighteenth Annual ACM-SIAM Symposium on Discrete Algorithms},
  year         = {2007},
  pages        = {1027--1035},
  organization = {Society for Industrial and Applied Mathematics},
}

@InProceedings{adamic2005political,
  author       = {Adamic, Lada A and Glance, Natalie},
  title        = {The political blogosphere and the 2004 {US} election: {D}ivided they blog},
  booktitle    = {Proceedings of the 3rd International Workshop on Link Discovery},
  year         = {2005},
  pages        = {36--43},
  organization = {ACM},
}

@Misc{census2000,
  author       = {U.S.{\ }Census{\ }Bureau},
  title        = {County-to-county migration flow files},
  howpublished = {\url{https://www.census.gov/population/www/cen2000/ctytoctyflow/index.html}},
  year         = {2002},
  note         = {Accessed on 02/03/2019},
}

@Article{shi2000normalized,
  author  = {Shi, Jianbo and Malik, Jitendra},
  title   = {Normalized cuts and image segmentation},
  journal = {Departmental Papers (CIS)},
  year    = {2000},
  pages   = {107},
}

@Article{clauset2015systematic,
  author    = {Clauset, Aaron and Arbesman, Samuel and Larremore, Daniel B},
  title     = {Systematic inequality and hierarchy in faculty hiring networks},
  journal   = {Science Advances},
  year      = {2015},
  volume    = {1},
  number    = {1},
  pages     = {e1400005},
  publisher = {American Association for the Advancement of Science},
}

@Book{clements1923experimental,
  title     = {Experimental Pollination: An Outline of the Ecology of Flowers and Insects},
  publisher = {Carnegie institution of Washington},
  year      = {1923},
  author    = {Clements, Frederic Edward and Long, Frances Louise},
  number    = {336},
}

@Misc{konect:unicodelang,
  author       = {{KONECT: The Koblenz Network Collection}},
  title        = {{U}nicode {L}anguages network dataset},
  howpublished = {\url{http://konect.cc/networks/unicodelang}},
  note         = {Accessed on 24/03/2019},
}

@Misc{konect:brunson_revolution,
  author       = {{KONECT: The Koblenz Network Collection}},
  title        = {{American} {Revolution} network dataset},
  howpublished = {\url{http://konect.cc/networks/brunson_revolution}},
  note         = {Accessed on 24/03/2019},
}

@Misc{snap:astro,
  author       = {Jure Leskovec and Andrej Krevl},
  title        = {{Astrophysics collaboration network, SNAP Datasets}: {Stanford} Large Network Dataset Collection},
  howpublished = {\url{http://snap.stanford.edu/data/ca-AstroPh.html}},
  note = {Accessed 15/04/2019}
}

@Misc{icon:movie,
  author       = {Clauset, Aaron and Tucker, Ellen and Sainz, Matthias},
  title        = {Filmtipset user movie ratings. {The Colorado Index of Complex Networks}},
  howpublished = {\url{https://icon.colorado.edu/}},
  note = {Accessed on 15/04/2019}
}

@InProceedings{wagner1993between,
  author       = {Wagner, Dorothea and Wagner, Frank},
  title        = {Between min cut and graph bisection},
  booktitle    = {International Symposium on Mathematical Foundations of Computer Science},
  year         = {1993},
  pages        = {744--750},
  organization = {Springer, Berlin, Heidelburg},
}

@Book{lutkepohl1996handbook,
  title     = {Handbook of Matrices},
  publisher = {Wiley, Chichester},
  year      = {1996},
  author    = {L{\"u}tkepohl, Helmut},
  volume    = {1},
}

@InProceedings{nadler2006diffusion,
  author    = {Nadler, Boaz and Lafon, Stephane and Kevrekidis, Ioannis and Coifman, Ronald R},
  title     = {Diffusion maps, spectral clustering and eigenfunctions of {F}okker--{P}lanck operators},
  booktitle = {Advances in Neural Information Processing Systems},
  year      = {2006},
  pages     = {955--962},
}

@Article{guattery1998quality,
  author    = {Guattery, Stephen and Miller, Gary L},
  title     = {On the quality of spectral separators},
  journal   = {SIAM Journal on Matrix Analysis and Applications},
  year      = {1998},
  volume    = {19},
  number    = {3},
  pages     = {701--719},
  publisher = {SIAM},
}

@Article{DirectedClustImbCuts,
  author  = {Cucuringu, M. and Li, H. and Sun, H. and Zanetti, L.},
  title   = {Hermitian matrices for clustering directed graphs: Insights and applications},
  journal = {Submitted},
  year    = {2019},
}

@Article{SPONGE,
  author  = {Cucuringu, M., and Davies, P., and Glielmo, A., and Tyagi, H.},
  title   = {{SPONGE}: A generalized eigenproblem for clustering signed networks},
  journal = {AISTATS 2019},
}

% Not sure yet what the ordering of the authors is, so best not to add authors to it for now.

@Article{directed_CP,
  title   = {Detection of Core-Periphery Structure in Directed Networks},
  journal = {In progress},
}

@Misc{geonames,
  author       = {{Creative Commons}},
  title        = {{G}eo{N}ames},
  howpublished = {\url{https://www.geonames.org/}},
  note         = {Accessed on 24/03/2019},
}

@Misc{intro_to_graph_theory,
  author       = {West, D. B.},
  title        = {{Introduction to graph theory home page}},
  howpublished = {\url{https://faculty.math.illinois.edu/~west/igt/}},
  note         = {Accessed on 01/04/2019},
}

@Book{bapat2010graphs,
  title     = {{G}raphs and {M}atrices},
  publisher = {Springer, London},
  year      = {2010},
  author    = {Bapat, Ravindra B},
  volume    = {27},
}

@InProceedings{cheeger1969lower,
  author    = {Cheeger, Jeff},
  title     = {A lower bound for the smallest eigenvalue of the {L}aplacian},
  booktitle = {Proceedings of the Princeton Conference in Honor of Professor S. Bochner},
  year      = {1969},
}

@Article{donath1972algorithms,
  author  = {Donath, William E and Hoffman, Alan J},
  title   = {Algorithms for partitioning of graphs and computer logic based on eigenvectors of connection matrices},
  journal = {IBM Technical Disclosure Bulletin},
  year    = {1972},
  volume  = {15},
  number  = {3},
  pages   = {938--944},
}

@Article{fiedler1973algebraic,
  author    = {Fiedler, Miroslav},
  title     = {Algebraic connectivity of graphs},
  journal   = {Czechoslovak Mathematical Journal},
  year      = {1973},
  volume    = {23},
  number    = {2},
  pages     = {298--305},
  publisher = {Institute of Mathematics, Academy of Sciences of the Czech Republic},
}

@InProceedings{guattery1995performance,
  author    = {Guattery, Stephen and Miller, Gary L},
  title     = {On the performance of spectral graph partitioning methods},
  booktitle = {SODA},
  year      = {1995},
  volume    = {95},
  pages     = {233--242},
}

@InProceedings{ng2002spectral,
  author    = {Ng, Andrew Y and Jordan, Michael I and Weiss, Yair},
  title     = {On spectral clustering: Analysis and an algorithm},
  booktitle = {Advances in Neural Information Processing Systems},
  year      = {2002},
  pages     = {849--856},
}

@Book{duda1973pattern,
  title     = {Pattern Classification and Scene Analysis},
  publisher = {Wiley, New York},
  year      = {1973},
  author    = {Duda, R O and Hart, P E},
}

@InProceedings{Meila2007ClusteringBW,
  author    = {Marina {Meil\u a} and William Pentney},
  title     = {Clustering by weighted cuts in directed graphs},
  booktitle = {SDM},
  year      = {2007},
}

@Article{abramson1986perception,
  author    = {Abramson, Arthur S},
  title     = {The perception of word-initial consonant length: {P}attani {M}alay},
  journal   = {Journal of the International Phonetic Association},
  year      = {1986},
  volume    = {16},
  number    = {1},
  pages     = {8--16},
  publisher = {Cambridge University Press},
}

@InProceedings{luxburg2004convergence,
  author    = {Von Luxburg, Ulrike and Bousquet, Olivier and Belkin, Mikhail},
  title     = {On the Convergence of Spectral Clustering on Random Samples: The Normalized Case},
  booktitle = {Learning Theory},
  year      = {2004},
  pages     = {457--471},
  publisher = {Springer, Berlin, Heidelburg},
  isbn      = {978-3-540-27819-1},
}

@Book{kolaczyk2014statistical,
  title     = {Statistical Analysis of Network Data with {R}},
  publisher = {Springer, New York},
  year      = {2014},
  author    = {Kolaczyk, Eric D and Cs{\'a}rdi, G{\'a}bor},
  volume    = {65},
}

@Article{demeyer2013ISMA,
  author    = {Demeyer, Sofie AND Michoel, Tom AND Fostier, Jan AND Audenaert, Pieter AND Pickavet, Mario AND Demeester, Piet},
  title     = {The Index-Based Subgraph Matching Algorithm ({ISMA}): Fast Subgraph Enumeration in Large Networks Using Optimized Search Trees},
  journal   = {PLOS ONE},
  year      = {2013},
  volume    = {8},
  number    = {4},
  pages     = {1-15},
  doi       = {10.1371/journal.pone.0061183},
  publisher = {Public Library of Science},
}

@Article{houbraken2014ISMAGS,
  author    = {Houbraken, Maarten AND Demeyer, Sofie AND Michoel, Tom AND Audenaert, Pieter AND Colle, Didier AND Pickavet, Mario},
  title     = {The Index-Based Subgraph Matching Algorithm with General Symmetries ({ISMAGS}): Exploiting Symmetry for Faster Subgraph Enumeration},
  journal   = {PLOS ONE},
  year      = {2014},
  volume    = {9},
  number    = {5},
  pages     = {1-15},
  month     = {05},
  doi       = {10.1371/journal.pone.0097896},
  publisher = {Public Library of Science},
}

@Article{wernicke2006efficient,
  author     = {Wernicke, Sebastian},
  title      = {Efficient Detection of Network Motifs},
  journal={IEEE/ACM Transactions on Computational Biology and Bioinformatics (TCBB)},
  year       = {2006},
  volume     = {3},
  number     = {4},
  pages      = {347--359},
  issn       = {1545-5963},
  acmid      = {1183306},
  address    = {Los Alamitos, CA, USA},
  doi        = {10.1109/TCBB.2006.51},
  keywords   = {Network motif detection algorithm, subgraph enumeration, subgraph sampling, subgraph concentration in random graphs.},
  numpages   = {13},
  publisher  = {IEEE Computer Society Press},
}

@Article{wernicke2006fanmod,
  author    = {Wernicke, Sebastian and Rasche, Florian},
  title     = {{FANMOD}: {A} tool for fast network motif detection},
  journal   = {Bioinformatics},
  year      = {2006},
  volume    = {22},
  number    = {9},
  pages     = {1152--1153},
  publisher = {Oxford University Press},
}

@InProceedings{yin2017local,
  author       = {Yin, Hao and Benson, Austin R and Leskovec, Jure and Gleich, David F},
  title        = {Local higher-order graph clustering},
  booktitle    = {Proceedings of the 23rd ACM SIGKDD International Conference on Knowledge Discovery and Data Mining},
  year         = {2017},
  pages        = {555--564},
  organization = {ACM},
}

@InProceedings{tsourakakis2017scalable,
  author       = {Tsourakakis, Charalampos E and Pachocki, Jakub and Mitzenmacher, Michael},
  title        = {Scalable motif-aware graph clustering},
  booktitle    = {Proceedings of the 26th International Conference on World Wide Web},
  year         = {2017},
  pages        = {1451--1460},
  organization = {International World Wide Web Conferences Steering Committee},
}

@Article{Xu2015,
	author="Xu, Dongkuan and Tian, Yingjie",
	title="A Comprehensive Survey of Clustering Algorithms",
	journal="Annals of Data Science",
	year="2015",
	month="Jun",
	day="01",
	volume="2",
	number="2",
	pages="165--193",
	issn="2198-5812",
	doi="10.1007/s40745-015-0040-1",
	url="https://doi.org/10.1007/s40745-015-0040-1"
}

@article{schaeffer2007graph,
  title={Graph clustering},
  author={Schaeffer, Satu Elisa},
  journal={Computer Science Review},
  volume={1},
  number={1},
  pages={27--64},
  year={2007},
  publisher={Elsevier}
}

@article{albert2005scale,
  title={Scale-free networks in cell biology},
  author={Albert, Reka},
  journal={Journal of Cell Science},
  volume={118},
  number={21},
  pages={4947--4957},
  year={2005},
  publisher={The Company of Biologists Ltd}
}

@article{jacob2018statistics,
  title={Statistics of the network of organic chemistry},
  author={Jacob, Philipp-Maximilian and Lapkin, Alexei},
  journal={Reaction Chemistry \& Engineering},
  volume={3},
  number={1},
  pages={102--118},
  year={2018},
  publisher={Royal Society of Chemistry}
}

@article{newman2008physics,
  title={The physics of networks},
  author={Newman, Mark},
  journal={Physics Today},
  volume={61},
  number={11},
  pages={33--38},
  year={2008},
  publisher={American Institute of Physics}
}

@article{aicher2013adapting,
       author = {{Aicher}, Christopher and {Jacobs}, Abigail Z. and {Clauset}, Aaron},
        title = {Adapting the Stochastic Block Model to Edge-Weighted Networks},
      journal = {arXiv e-prints},
         year = "2013",
          note = {arXiv:1305.5782, \url{http://arxiv.org/abs/1305.5782v1}},
archivePrefix = {arXiv},
       eprint = {1305.5782},
 primaryClass = {stat.ML},
       adsurl = {https://ui.adsabs.harvard.edu/abs/2013arXiv1305.5782A},
      adsnote = {Provided by the SAO/NASA Astrophysics Data System}
}

@article{hagen1992new,
  title={New spectral methods for ratio cut partitioning and clustering},
  author={Hagen, Lars and Kahng, Andrew B},
  journal={IEEE Transactions on Computer-Aided Design of Integrated Circuits and Systems},
  volume={11},
  number={9},
  pages={1074--1085},
  year={1992},
  publisher={IEEE}
}

@article{hubert1985comparing,
  title={Comparing partitions},
  author={Hubert, Lawrence and Arabie, Phipps},
  journal={Journal of Classification},
  volume={2},
  number={1},
  pages={193--218},
  year={1985},
  publisher={Springer}
}

@article{chung2005laplacians,
  title={Laplacians and the {C}heeger inequality for directed graphs},
  author={Chung, Fan},
  journal={Annals of Combinatorics},
  volume={9},
  number={1},
  pages={1--19},
  year={2005},
  publisher={Springer}
}



% R and R Packages
%%%%%%%%%%%%%%%%%%%%%%%%%%%%%%%%%%%%%%%%%%%%%%%%%%%%%%%%%%%%%%%%

@Manual{r_rsoftware,
  title        = {R: A Language and Environment for Statistical Computing},
  author       = {{R Core Team}},
  organization = {R~Foundation for Statistical Computing},
  address      = {Vienna},
  year         = {2018},
  url          = {https://www.R-project.org/},
}

@Article{r_PRIMME,
  author    = {Andreas Stathopoulos and James R. McCombs},
  title     = {{PRIMME}: {PR}econditioned {I}terative {M}ulti{M}ethod {E}igensolver -- Methods and software description},
  journal   = {ACM Transactions on Mathematical Software},
  year      = {2010},
  volume    = {37},
  number    = {2},
  pages     = {21:1--21:30},
  publisher = {ACM},
}

@Manual{r_RSpectra,
  title  = {RSpectra: Solvers for Large-Scale Eigenvalue and SVD Problems},
  author = {Yixuan Qiu and Jiali Mei},
  year   = {2018},
  note   = {R package version 0.13-1},
  url    = {https://CRAN.R-project.org/package=RSpectra},
}

@Article{r_igraph,
title={The igraph software package for complex network research},
  author={Cs{\'a}rdi, Gabor and Nepusz, Tamas},
  journal={InterJournal, Complex Systems},
  volume={1695},
  number={5},
  pages={1--9},
  year={2006}
}

@Manual{r_LICORS,
  title  = {LICORS: Light Cone Reconstruction of States -- Predictive State Estimation from Spatio-Temporal Data},
  author = {Georg M. Goerg},
  year   = {2013},
  note   = {R package version 0.2.0},
  url    = {https://CRAN.R-project.org/package=LICORS},
}

@Manual{r_combinat,
  title  = {combinat: combinatorics utilities},
  author = {Scott Chasalow},
  year   = {2012},
  note   = {R package version 0.0-8},
  url    = {https://CRAN.R-project.org/package=combinat},
}

@Manual{r_Matrix,
  title  = {Matrix: Sparse and Dense Matrix Classes and Methods},
  author = {Douglas Bates and Martin Maechler},
  year   = {2018},
  note   = {R package version 1.2-14},
  url    = {https://CRAN.R-project.org/package=Matrix},
}

@Book{r_ggplot2,
  title     = {ggplot2: Elegant Graphics for Data Analysis},
  publisher = {Springer, New York},
  year      = {2016},
  author    = {Hadley Wickham},
  isbn      = {978-3-319-24277-4},
  url       = {http://ggplot2.org},
}

@Article{r_mclust,
  author  = {Luca Scrucca and Michael Fop and Thomas Brendan Murphy and Adrian E. Raftery},
  title   = {{mclust} 5: {C}lustering, classification and density estimation using {G}aussian finite mixture models},
  journal = {The {R} Journal},
  year    = {2017},
  volume  = {8},
  number  = {1},
  pages   = {205--233},
  url     = {https://journal.r-project.org/archive/2017/RJ-2017-008/RJ-2017-008.pdf},
}

@Article{r_USAboundaries,
  author  = {Lincoln A. Mullen and Jordan Bratt},
  title   = {{USAboundaries}: Historical and Contemporary Boundaries of the {U}nited {S}tates of {A}merica},
  journal = {Journal of Open Source Software},
  year    = {2018},
  volume  = {3},
  pages   = {314},
  doi     = {10.21105/joss.00314},
  issue   = {23},
  url     = {https://doi.org/10.21105/joss.00314},
}

@Manual{r_sf,
  title  = {sf: Simple Features for R},
  author = {Edzer Pebesma},
  year   = {2018},
  note   = {R package version 0.6-3},
  url    = {https://CRAN.R-project.org/package=sf},
}

@Manual{r_gtools,
  title  = {gtools: Various R Programming Tools},
  author = {Gregory R. Warnes and Ben Bolker and Thomas Lumley},
  year   = {2018},
  note   = {R package version 3.8.1},
  url    = {https://CRAN.R-project.org/package=gtools},
}

@Manual{r_ggtern,
  title  = {ggtern: An Extension to 'ggplot2', for the Creation of Ternary Diagrams},
  author = {Nicholas Hamilton},
  year   = {2017},
  note   = {R package version 2.2.1},
  url    = {https://CRAN.R-project.org/package=ggtern},
}

@Manual{r_rnaturalearth,
  title  = {rnaturalearth: World Map Data from Natural Earth},
  author = {Andy South},
  year   = {2017},
  note   = {R package version 0.1.0},
  url    = {https://CRAN.R-project.org/package=rnaturalearth},
}

@Manual{r_cetcolor,
  title  = {cetcolor: CET Perceptually Uniform Colour Maps},
  author = {James Balamuta},
  year   = {2018},
  note   = {R package version 0.2.0},
  url    = {https://CRAN.R-project.org/package=cetcolor},
}

@Manual{r_rmapshaper,
  title  = {rmapshaper: Client for 'mapshaper' for 'Geospatial' Operations},
  author = {Andy Teucher and Kenton Russell},
  year   = {2018},
  note   = {R package version 0.4.0},
  url    = {https://CRAN.R-project.org/package=rmapshaper},
}
